<?xml version="1.0" encoding="UTF-8"?>
<record>
  <leader>01387naa a2200349 c 4500</leader>
  <controlfield tag="007">tu</controlfield>
  <controlfield tag="008">230602s2023    gw ||||| |||||||||| ger c</controlfield>
  <controlfield tag="003">DE-605</controlfield>
  <controlfield tag="005">20230602114354.0</controlfield>
  <controlfield tag="001">99372483173006441</controlfield>
  <datafield tag="040" ind1=" " ind2=" ">
    <subfield code="a">DE-6</subfield>
    <subfield code="c">DE-6</subfield>
    <subfield code="b">ger</subfield>
    <subfield code="e">rda</subfield>
    <subfield code="d">DE-6</subfield>
  </datafield>
  <datafield tag="041" ind1=" " ind2=" ">
    <subfield code="a">ger</subfield>
  </datafield>
  <datafield tag="044" ind1=" " ind2=" ">
    <subfield code="c">XA-DE</subfield>
  </datafield>
  <datafield tag="084" ind1=" " ind2=" ">
    <subfield code="a">Herne</subfield>
    <subfield code="0">https://nwbib.de/spatial#Q2904</subfield>
    <subfield code="2">nwbib</subfield>
    <subfield code="0">https://portal.dnb.de/opac.htm?method=simpleSearch&amp;cqlMode=true&amp;query=idn=040245446</subfield>
    <subfield code="0">http://viaf.org/viaf/sourceID/DNB|040245446</subfield>
  </datafield>
  <datafield tag="084" ind1=" " ind2=" ">
    <subfield code="a">Wanne-Eickel</subfield>
    <subfield code="0">https://nwbib.de/spatial#Q314234</subfield>
    <subfield code="2">nwbib</subfield>
    <subfield code="0">https://portal.dnb.de/opac.htm?method=simpleSearch&amp;cqlMode=true&amp;query=idn=004846265</subfield>
    <subfield code="0">http://viaf.org/viaf/sourceID/DNB|004846265</subfield>
  </datafield>
  <datafield tag="084" ind1=" " ind2=" ">
    <subfield code="a">Ortsnamen</subfield>
    <subfield code="0">https://nwbib.de/subjects#N746042</subfield>
    <subfield code="2">nwbib</subfield>
  </datafield>
  <datafield tag="100" ind1="1" ind2=" ">
    <subfield code="a">Grenz, Oliver</subfield>
    <subfield code="0">(DE-588)1291606084</subfield>
    <subfield code="4">aut</subfield>
    <subfield code="0">https://portal.dnb.de/opac.htm?method=simpleSearch&amp;cqlMode=true&amp;query=idn=1291606084</subfield>
    <subfield code="0">http://viaf.org/viaf/sourceID/DNB|1291606084</subfield>
    <subfield code="B">GND-1291606084</subfield>
  </datafield>
  <datafield tag="245" ind1="1" ind2="0">
    <subfield code="a">Herner Ortsnamen in Lexika und im Duden</subfield>
    <subfield code="c">Oliver Grenz</subfield>
  </datafield>
  <datafield tag="264" ind1=" " ind2="1">
    <subfield code="a">Herne</subfield>
    <subfield code="c">2023</subfield>
  </datafield>
  <datafield tag="300" ind1=" " ind2=" ">
    <subfield code="b">Illustrationen</subfield>
  </datafield>
  <datafield tag="336" ind1=" " ind2=" ">
    <subfield code="b">txt</subfield>
  </datafield>
  <datafield tag="337" ind1=" " ind2=" ">
    <subfield code="b">n</subfield>
  </datafield>
  <datafield tag="338" ind1=" " ind2=" ">
    <subfield code="b">nc</subfield>
  </datafield>
  <datafield tag="689" ind1="0" ind2="0">
    <subfield code="a">Herne</subfield>
    <subfield code="D">g</subfield>
    <subfield code="0">(DE-588)4024544-5</subfield>
    <subfield code="0">https://portal.dnb.de/opac.htm?method=simpleSearch&amp;cqlMode=true&amp;query=idn=040245446</subfield>
    <subfield code="0">http://viaf.org/viaf/sourceID/DNB|040245446</subfield>
    <subfield code="B">GND-040245446</subfield>
  </datafield>
  <datafield tag="689" ind1="0" ind2="1">
    <subfield code="a">Wanne-Eickel</subfield>
    <subfield code="D">g</subfield>
    <subfield code="0">(DE-588)2027901-2</subfield>
    <subfield code="0">https://portal.dnb.de/opac.htm?method=simpleSearch&amp;cqlMode=true&amp;query=idn=004846265</subfield>
    <subfield code="0">http://viaf.org/viaf/sourceID/DNB|004846265</subfield>
    <subfield code="B">GND-004846265</subfield>
  </datafield>
  <datafield tag="689" ind1="0" ind2="2">
    <subfield code="a">Ortsname</subfield>
    <subfield code="D">s</subfield>
    <subfield code="0">(DE-588)4043950-1</subfield>
    <subfield code="0">https://portal.dnb.de/opac.htm?method=simpleSearch&amp;cqlMode=true&amp;query=idn=04043950X</subfield>
    <subfield code="0">http://viaf.org/viaf/sourceID/DNB|04043950X</subfield>
    <subfield code="B">GND-04043950X</subfield>
  </datafield>
  <datafield tag="689" ind1="0" ind2="3">
    <subfield code="a">Duden Deutsches Universalwörterbuch</subfield>
    <subfield code="D">u</subfield>
    <subfield code="0">(DE-588)1083812203</subfield>
    <subfield code="0">https://portal.dnb.de/opac.htm?method=simpleSearch&amp;cqlMode=true&amp;query=idn=1083812203</subfield>
    <subfield code="0">http://viaf.org/viaf/sourceID/DNB|1083812203</subfield>
    <subfield code="B">GND-1083812203</subfield>
  </datafield>
  <datafield tag="689" ind1="0" ind2="4">
    <subfield code="a">Lexikon</subfield>
    <subfield code="D">s</subfield>
    <subfield code="0">(DE-588)4035549-4</subfield>
    <subfield code="0">https://portal.dnb.de/opac.htm?method=simpleSearch&amp;cqlMode=true&amp;query=idn=040355497</subfield>
    <subfield code="0">http://viaf.org/viaf/sourceID/DNB|040355497</subfield>
    <subfield code="B">GND-040355497</subfield>
  </datafield>
  <datafield tag="960" ind1="1" ind2=" ">
    <subfield code="n">NWBib-6</subfield>
  </datafield>
  <datafield tag="773" ind1="0" ind2="8">
    <subfield code="i">Enthalten in</subfield>
    <subfield code="t">UFOs, Märchen und ein Mythos / herausgegeben im Auftrag der Gesellschaft für Heimatkunde Wanne-Eickel e.V. von Frank Sichau ; Redaktion: Joachim Wittkowski</subfield>
    <subfield code="d">Herne, 2023</subfield>
    <subfield code="g">Seite 117-120</subfield>
    <subfield code="k">&lt;&lt;Der&gt;&gt; Emscherbrücher ; Bd. 19 (2023/24)</subfield>
    <subfield code="z">9783936452273</subfield>
    <subfield code="w">(DE-605)HT030002215</subfield>
    <subfield code="9">978-3-936452-27-3</subfield>
  </datafield>
  <datafield tag="035" ind1=" " ind2=" ">
    <subfield code="a">(DE-605)HT030026397</subfield>
  </datafield>
  <datafield tag="035" ind1=" " ind2=" ">
    <subfield code="a">(DE-599)HBZHT030026397</subfield>
  </datafield>
  <datafield tag="MBD" ind1=" " ind2=" ">
    <subfield code="M">49HBZ_NETWORK</subfield>
    <subfield code="i">99372483173006441</subfield>
    <subfield code="n">HBZ Network</subfield>
  </datafield>
  <datafield tag="MBD" ind1=" " ind2=" ">
    <subfield code="M">49HBZ_BRIDGE_BDR</subfield>
    <subfield code="i">9941907807508</subfield>
    <subfield code="n">Bibliothek des Ruhrgebiets, Bochum</subfield>
  </datafield>
  <datafield tag="773" ind1="0" ind2="8">
    <subfield code="i">Enthalten in</subfield>
    <subfield code="t">UFOs, Märchen und ein Mythos / herausgegeben im Auftrag der Gesellschaft für Heimatkunde Wanne-Eickel e.V. von Frank Sichau ; Redaktion: Joachim Wittkowski</subfield>
    <subfield code="d">Herne, 2023</subfield>
    <subfield code="g">Seite 117-120</subfield>
    <subfield code="k">&lt;&lt;Der&gt;&gt; Emscherbrücher ; Bd. 19 (2023/24)</subfield>
    <subfield code="z">9783936452273</subfield>
    <subfield code="w">(DE-605)HT030002215</subfield>
    <subfield code="9">978-3-936452-27-3</subfield>
    <subfield code="M">49HBZ_BRIDGE_BDR</subfield>
  </datafield>
  <datafield tag="MNG" ind1=" " ind2=" ">
    <subfield code="c">System</subfield>
    <subfield code="f">49HBZ_NETWORK</subfield>
    <subfield code="i">marc21</subfield>
    <subfield code="k">01</subfield>
    <subfield code="e">false</subfield>
    <subfield code="d">2023-06-04 08:20:09 Europe/Berlin</subfield>
    <subfield code="g">99372483173006441</subfield>
    <subfield code="j">60</subfield>
    <subfield code="a">skuhn_01######49HBZ_ULM</subfield>
    <subfield code="b">2023-06-02 11:43:54 Europe/Berlin</subfield>
  </datafield>
  <datafield tag="H52" ind1="0" ind2=" ">
    <subfield code="b">BR004</subfield>
    <subfield code="c">S</subfield>
    <subfield code="h">in:Bg 120:19. 2023/24 , S. 117-120</subfield>
    <subfield code="8">2217280720007508</subfield>
  </datafield>
  <datafield tag="HOL" ind1=" " ind2=" ">
    <subfield code="d">2023-06-23 04:17:03</subfield>
    <subfield code="8">2217280720007508</subfield>
    <subfield code="b">2023-06-23 04:17:03</subfield>
    <subfield code="M">49HBZ_BRIDGE_BDR</subfield>
    <subfield code="g">false</subfield>
    <subfield code="a">System</subfield>
    <subfield code="c">System</subfield>
  </datafield>
  <datafield tag="ITM" ind1=" " ind2=" ">
    <subfield code="H">2217280720007508</subfield>
    <subfield code="x">S</subfield>
    <subfield code="f">BOOK</subfield>
    <subfield code="v">S</subfield>
    <subfield code="p">32</subfield>
    <subfield code="X">System</subfield>
    <subfield code="Y">2023-06-22 02:00:00 Europe/Berlin</subfield>
    <subfield code="n">in:Bg 120:19. 2023/24 , S. 117-120</subfield>
    <subfield code="M">49HBZ_BRIDGE_BDR</subfield>
    <subfield code="s">1</subfield>
    <subfield code="d">0</subfield>
    <subfield code="V">System</subfield>
    <subfield code="b">350456-10</subfield>
    <subfield code="a">2317280700007508</subfield>
    <subfield code="c">in:Bg 120:19. 2023/24 , S. 117-120</subfield>
    <subfield code="D">20170407</subfield>
    <subfield code="W">2023-06-23 06:17:03 Europe/Berlin</subfield>
    <subfield code="u">BR004</subfield>
    <subfield code="w">BR004</subfield>
  </datafield>
  <datafield tag="GSI" ind1="7" ind2=" ">
    <subfield code="a">1291606084</subfield>
    <subfield code="0">http://d-nb.info/gnd/1291606084</subfield>
    <subfield code="2">gnd</subfield>
    <subfield code="A">GND</subfield>
    <subfield code="B">GND-1291606084</subfield>
    <subfield code="C">024</subfield>
  </datafield>
  <datafield tag="GST" ind1=" " ind2=" ">
    <subfield code="a">Fachlexikon</subfield>
    <subfield code="A">GND</subfield>
    <subfield code="B">GND-040355497</subfield>
    <subfield code="C">450</subfield>
  </datafield>
  <datafield tag="GST" ind1=" " ind2=" ">
    <subfield code="a">Fachwörterbuch</subfield>
    <subfield code="A">GND</subfield>
    <subfield code="B">GND-040355497</subfield>
    <subfield code="C">450</subfield>
  </datafield>
  <datafield tag="GST" ind1=" " ind2=" ">
    <subfield code="a">Sachwörterbuch</subfield>
    <subfield code="A">GND</subfield>
    <subfield code="B">GND-040355497</subfield>
    <subfield code="C">450</subfield>
  </datafield>
  <datafield tag="GST" ind1=" " ind2=" ">
    <subfield code="a">Lexika</subfield>
    <subfield code="A">GND</subfield>
    <subfield code="B">GND-040355497</subfield>
    <subfield code="C">450</subfield>
  </datafield>
  <datafield tag="GSI" ind1="7" ind2=" ">
    <subfield code="a">http://d-nb.info/gnd/4035549-4</subfield>
    <subfield code="2">uri</subfield>
    <subfield code="A">GND</subfield>
    <subfield code="B">GND-040355497</subfield>
    <subfield code="C">024</subfield>
  </datafield>
  <datafield tag="GST" ind1=" " ind2=" ">
    <subfield code="a">Historischer Ortsname</subfield>
    <subfield code="A">GND</subfield>
    <subfield code="B">GND-04043950X</subfield>
    <subfield code="C">450</subfield>
  </datafield>
  <datafield tag="GST" ind1=" " ind2=" ">
    <subfield code="a">Siedlungsname</subfield>
    <subfield code="A">GND</subfield>
    <subfield code="B">GND-04043950X</subfield>
    <subfield code="C">450</subfield>
  </datafield>
  <datafield tag="GST" ind1=" " ind2=" ">
    <subfield code="a">Toponym</subfield>
    <subfield code="A">GND</subfield>
    <subfield code="B">GND-04043950X</subfield>
    <subfield code="C">450</subfield>
  </datafield>
  <datafield tag="GST" ind1=" " ind2=" ">
    <subfield code="a">Toponymikon</subfield>
    <subfield code="A">GND</subfield>
    <subfield code="B">GND-04043950X</subfield>
    <subfield code="C">450</subfield>
  </datafield>
  <datafield tag="GST" ind1=" " ind2=" ">
    <subfield code="a">Ortsnamen</subfield>
    <subfield code="A">GND</subfield>
    <subfield code="B">GND-04043950X</subfield>
    <subfield code="C">450</subfield>
  </datafield>
  <datafield tag="GSI" ind1="7" ind2=" ">
    <subfield code="a">http://d-nb.info/gnd/4043950-1</subfield>
    <subfield code="2">uri</subfield>
    <subfield code="A">GND</subfield>
    <subfield code="B">GND-04043950X</subfield>
    <subfield code="C">024</subfield>
  </datafield>
  <datafield tag="GKT" ind1="2" ind2=" ">
    <subfield code="a">Wanne-Eickel</subfield>
    <subfield code="x">Hauptverwaltungsamt</subfield>
    <subfield code="4">spio</subfield>
    <subfield code="4">https://d-nb.info/standards/elementset/gnd#variantName</subfield>
    <subfield code="w">r</subfield>
    <subfield code="i">Spitzenorgan</subfield>
    <subfield code="e">Spitzenorgan</subfield>
    <subfield code="A">GND</subfield>
    <subfield code="B">GND-004846265</subfield>
    <subfield code="C">410</subfield>
  </datafield>
  <datafield tag="GKT" ind1="2" ind2=" ">
    <subfield code="a">Wanne-Eickel</subfield>
    <subfield code="x">Oberstadtdirektor</subfield>
    <subfield code="4">spio</subfield>
    <subfield code="4">https://d-nb.info/standards/elementset/gnd#variantName</subfield>
    <subfield code="w">r</subfield>
    <subfield code="i">Spitzenorgan</subfield>
    <subfield code="e">Spitzenorgan</subfield>
    <subfield code="A">GND</subfield>
    <subfield code="B">GND-004846265</subfield>
    <subfield code="C">410</subfield>
  </datafield>
  <datafield tag="GKT" ind1="2" ind2=" ">
    <subfield code="a">Wanne-Eickel</subfield>
    <subfield code="x">Presseabteilung</subfield>
    <subfield code="4">spio</subfield>
    <subfield code="4">https://d-nb.info/standards/elementset/gnd#variantName</subfield>
    <subfield code="w">r</subfield>
    <subfield code="i">Spitzenorgan</subfield>
    <subfield code="e">Spitzenorgan</subfield>
    <subfield code="A">GND</subfield>
    <subfield code="B">GND-004846265</subfield>
    <subfield code="C">410</subfield>
  </datafield>
  <datafield tag="GKT" ind1="2" ind2=" ">
    <subfield code="a">Wanne-Eickel</subfield>
    <subfield code="x">Presseamt</subfield>
    <subfield code="4">spio</subfield>
    <subfield code="4">https://d-nb.info/standards/elementset/gnd#variantName</subfield>
    <subfield code="w">r</subfield>
    <subfield code="i">Spitzenorgan</subfield>
    <subfield code="e">Spitzenorgan</subfield>
    <subfield code="A">GND</subfield>
    <subfield code="B">GND-004846265</subfield>
    <subfield code="C">410</subfield>
  </datafield>
  <datafield tag="GKT" ind1="2" ind2=" ">
    <subfield code="a">Wanne-Eickel</subfield>
    <subfield code="x">Rats- und Presseamt</subfield>
    <subfield code="4">spio</subfield>
    <subfield code="4">https://d-nb.info/standards/elementset/gnd#variantName</subfield>
    <subfield code="w">r</subfield>
    <subfield code="i">Spitzenorgan</subfield>
    <subfield code="e">Spitzenorgan</subfield>
    <subfield code="A">GND</subfield>
    <subfield code="B">GND-004846265</subfield>
    <subfield code="C">410</subfield>
  </datafield>
  <datafield tag="GKT" ind1="2" ind2=" ">
    <subfield code="a">Rats- und Presseamt</subfield>
    <subfield code="g">Wanne-Eickel</subfield>
    <subfield code="4">spio</subfield>
    <subfield code="4">https://d-nb.info/standards/elementset/gnd#variantName</subfield>
    <subfield code="w">r</subfield>
    <subfield code="i">Spitzenorgan</subfield>
    <subfield code="e">Spitzenorgan</subfield>
    <subfield code="A">GND</subfield>
    <subfield code="B">GND-004846265</subfield>
    <subfield code="C">410</subfield>
  </datafield>
  <datafield tag="GKT" ind1="2" ind2=" ">
    <subfield code="a">Hauptverwaltungsamt</subfield>
    <subfield code="g">Wanne-Eickel</subfield>
    <subfield code="4">spio</subfield>
    <subfield code="4">https://d-nb.info/standards/elementset/gnd#variantName</subfield>
    <subfield code="w">r</subfield>
    <subfield code="i">Spitzenorgan</subfield>
    <subfield code="e">Spitzenorgan</subfield>
    <subfield code="A">GND</subfield>
    <subfield code="B">GND-004846265</subfield>
    <subfield code="C">410</subfield>
  </datafield>
  <datafield tag="GKT" ind1="2" ind2=" ">
    <subfield code="a">Oberstadtdirektor</subfield>
    <subfield code="g">Wanne-Eickel</subfield>
    <subfield code="4">spio</subfield>
    <subfield code="4">https://d-nb.info/standards/elementset/gnd#variantName</subfield>
    <subfield code="w">r</subfield>
    <subfield code="i">Spitzenorgan</subfield>
    <subfield code="e">Spitzenorgan</subfield>
    <subfield code="A">GND</subfield>
    <subfield code="B">GND-004846265</subfield>
    <subfield code="C">410</subfield>
  </datafield>
  <datafield tag="GKT" ind1="2" ind2=" ">
    <subfield code="a">Presseamt</subfield>
    <subfield code="g">Wanne-Eickel</subfield>
    <subfield code="4">spio</subfield>
    <subfield code="4">https://d-nb.info/standards/elementset/gnd#variantName</subfield>
    <subfield code="w">r</subfield>
    <subfield code="i">Spitzenorgan</subfield>
    <subfield code="e">Spitzenorgan</subfield>
    <subfield code="A">GND</subfield>
    <subfield code="B">GND-004846265</subfield>
    <subfield code="C">410</subfield>
  </datafield>
  <datafield tag="GKT" ind1="2" ind2=" ">
    <subfield code="a">Presseabteilung</subfield>
    <subfield code="g">Wanne-Eickel</subfield>
    <subfield code="4">spio</subfield>
    <subfield code="4">https://d-nb.info/standards/elementset/gnd#variantName</subfield>
    <subfield code="w">r</subfield>
    <subfield code="i">Spitzenorgan</subfield>
    <subfield code="e">Spitzenorgan</subfield>
    <subfield code="A">GND</subfield>
    <subfield code="B">GND-004846265</subfield>
    <subfield code="C">410</subfield>
  </datafield>
  <datafield tag="GSI" ind1="7" ind2=" ">
    <subfield code="a">2027901-2</subfield>
    <subfield code="0">http://d-nb.info/gnd/2027901-2</subfield>
    <subfield code="2">gnd</subfield>
    <subfield code="A">GND</subfield>
    <subfield code="B">GND-004846265</subfield>
    <subfield code="C">024</subfield>
  </datafield>
  <datafield tag="GSI" ind1="7" ind2=" ">
    <subfield code="a">2814226</subfield>
    <subfield code="2">geonames</subfield>
    <subfield code="A">GND</subfield>
    <subfield code="B">GND-004846265</subfield>
    <subfield code="C">024</subfield>
  </datafield>
  <datafield tag="GKT" ind1="2" ind2=" ">
    <subfield code="a">Herne</subfield>
    <subfield code="b">Der Beauftragte für die Wahrnehmung der Aufgaben des Gemeindedirektors</subfield>
    <subfield code="4">spio</subfield>
    <subfield code="i">Spitzenorgan</subfield>
    <subfield code="A">GND</subfield>
    <subfield code="B">GND-040245446</subfield>
    <subfield code="C">410</subfield>
  </datafield>
  <datafield tag="GKT" ind1="2" ind2=" ">
    <subfield code="a">Herne</subfield>
    <subfield code="b">Presse- und Informationsamt</subfield>
    <subfield code="4">spio</subfield>
    <subfield code="i">Spitzenorgan</subfield>
    <subfield code="A">GND</subfield>
    <subfield code="B">GND-040245446</subfield>
    <subfield code="C">410</subfield>
  </datafield>
  <datafield tag="GKT" ind1="2" ind2=" ">
    <subfield code="a">Herne</subfield>
    <subfield code="b">Beauftragter für die Wahrnehmung der Interessen des Gemeindedirektors</subfield>
    <subfield code="4">spio</subfield>
    <subfield code="i">Spitzenorgan</subfield>
    <subfield code="A">GND</subfield>
    <subfield code="B">GND-040245446</subfield>
    <subfield code="C">410</subfield>
  </datafield>
  <datafield tag="GKT" ind1="2" ind2=" ">
    <subfield code="a">Herne</subfield>
    <subfield code="b">Stadtverwaltung</subfield>
    <subfield code="4">spio</subfield>
    <subfield code="i">Spitzenorgan</subfield>
    <subfield code="A">GND</subfield>
    <subfield code="B">GND-040245446</subfield>
    <subfield code="C">410</subfield>
  </datafield>
  <datafield tag="GKT" ind1="2" ind2=" ">
    <subfield code="a">Herne</subfield>
    <subfield code="b">Stadtverordnetenversammlung</subfield>
    <subfield code="4">spio</subfield>
    <subfield code="i">Spitzenorgan</subfield>
    <subfield code="A">GND</subfield>
    <subfield code="B">GND-040245446</subfield>
    <subfield code="C">410</subfield>
  </datafield>
  <datafield tag="GKT" ind1="2" ind2=" ">
    <subfield code="a">Herne</subfield>
    <subfield code="b">Oberbürgermeister</subfield>
    <subfield code="4">spio</subfield>
    <subfield code="i">Spitzenorgan</subfield>
    <subfield code="A">GND</subfield>
    <subfield code="B">GND-040245446</subfield>
    <subfield code="C">410</subfield>
  </datafield>
  <datafield tag="GSI" ind1="7" ind2=" ">
    <subfield code="a">4024544-5</subfield>
    <subfield code="0">http://d-nb.info/gnd/4024544-5</subfield>
    <subfield code="2">gnd</subfield>
    <subfield code="A">GND</subfield>
    <subfield code="B">GND-040245446</subfield>
    <subfield code="C">024</subfield>
  </datafield>
  <datafield tag="GSI" ind1="7" ind2=" ">
    <subfield code="a">2905891</subfield>
    <subfield code="2">geonames</subfield>
    <subfield code="A">GND</subfield>
    <subfield code="B">GND-040245446</subfield>
    <subfield code="C">024</subfield>
  </datafield>
  <datafield tag="GGN" ind1=" " ind2=" ">
    <subfield code="a">Cherne</subfield>
    <subfield code="A">GND</subfield>
    <subfield code="B">GND-040245446</subfield>
    <subfield code="C">451</subfield>
  </datafield>
  <datafield tag="GGN" ind1=" " ind2=" ">
    <subfield code="a">Stadtgemeinde Herne</subfield>
    <subfield code="A">GND</subfield>
    <subfield code="B">GND-040245446</subfield>
    <subfield code="C">451</subfield>
  </datafield>
  <datafield tag="GGN" ind1=" " ind2=" ">
    <subfield code="a">Stadt Herne</subfield>
    <subfield code="A">GND</subfield>
    <subfield code="B">GND-040245446</subfield>
    <subfield code="C">451</subfield>
  </datafield>
  <datafield tag="GEL" ind1=" " ind2="0">
    <subfield code="a">Duden-Universalwörterbuch</subfield>
    <subfield code="A">GND</subfield>
    <subfield code="B">GND-1083812203</subfield>
    <subfield code="C">430</subfield>
  </datafield>
  <datafield tag="GEL" ind1=" " ind2="0">
    <subfield code="a">Duden</subfield>
    <subfield code="A">GND</subfield>
    <subfield code="B">GND-1083812203</subfield>
    <subfield code="C">430</subfield>
  </datafield>
  <datafield tag="GSI" ind1="7" ind2=" ">
    <subfield code="a">1083812203</subfield>
    <subfield code="0">http://d-nb.info/gnd/1083812203</subfield>
    <subfield code="2">gnd</subfield>
    <subfield code="A">GND</subfield>
    <subfield code="B">GND-1083812203</subfield>
    <subfield code="C">024</subfield>
  </datafield>
</record>
